<?xml version="1.0" encoding="UTF-8"?><record xmlns="http://www.loc.gov/MARC21/slim" xmlns:cinclude="http://apache.org/cocoon/include/1.0" xmlns:zs="http://www.loc.gov/zing/srw/">
  <leader>00422nz  a2200121n  4500</leader>
  <controlfield tag="001">no 94039627 </controlfield>
  <controlfield tag="003">DLC</controlfield>
  <controlfield tag="005">19941109085742.2</controlfield>
  <controlfield tag="008">941107n| acannaab|          |n aaa     c</controlfield>
  <datafield tag="010" ind1=" " ind2=" ">
    <subfield code="a">no 94039627 </subfield>
  </datafield>
  <datafield tag="040" ind1=" " ind2=" ">
    <subfield code="a">InU</subfield>
    <subfield code="c">InU</subfield>
  </datafield>
  <datafield tag="100" ind1="1" ind2="0">
    <subfield code="a">Willems, John Richard,</subfield>
    <subfield code="d">1962-</subfield>
  </datafield>
  <datafield tag="670" ind1=" " ind2=" ">
    <subfield code="a">An investigation into the depot return decision for multi-echelon repairable item inventory systems, 1994:</subfield>
    <subfield code="b">t.p. (John Richard Willems) leaf 92 (b. 7-18-62)</subfield>
  </datafield>
</record>